@online{FowlerMS,
  title={Microservices - a definition of this new architectural term},
  url={http://martinfowler.com/articles/microservices.html},
	urldate={2016-09-08}
}

@online{FowlerMolithFist,
	title={Monolith First},
	url={http://martinfowler.com/bliki/MonolithFirst.html},
	urldate={2016-09-09}
}

@book{FowlerPEA,
 author = {Fowler, Martin},
 title = {Patterns of Enterprise Application Architecture},
 year = {2002},
 isbn = {0321127420},
 publisher = {Addison-Wesley Longman Publishing Co., Inc.},
 address = {Boston, MA, USA},
} 

@book{HorsdalMS,
  author={Horsdal, Christian},
	title={Microservices in .Net Core},
	year={2016},
	isbn={},
	publisher={Manning},
	isbn={1617293377}
}

@book{MartinAgile,
  author={Martin, Robert C.},
	title={Agile Principles, Patterns, and Practices in C\#},
	year={2006},
	publisher={Prentie Hall},
	isbn={0131857258},
	page={115}
}

@online{FowlerPP,
    title={PolyglotPersistence},
  url={http://martinfowler.com/bliki/PolyglotPersistence.html},
	urldate={2016-09-09}
}